@inproceedings{hudak2007history,
  title={A history of Haskell: being lazy with class},
  author={Hudak, Paul and Hughes, John and Peyton Jones, Simon and Wadler, Philip},
  booktitle={Proceedings of the third ACM SIGPLAN conference on History of programming languages},
  pages={12--1},
  year={2007},
  organization={ACM}
}

@book{lipovaca2011learn,
  title={Learn you a haskell for great good!: a beginner's guide},
  author={Lipovaca, Miran},
  year={2011},
  publisher={no starch press}
}

@article{yorgey2009typeclassopedia,
  title={The typeclassopedia},
  author={Yorgey, Brent},
  journal={The Monad. Reader Issue 13},
  pages={17},
  year={2009}
}

@incollection{chang2012call,
  title={The call-by-need lambda calculus, revisited},
  author={Chang, Stephen and Felleisen, Matthias},
  booktitle={Programming Languages and Systems},
  pages={128--147},
  year={2012},
  publisher={Springer}
}

@article{ariola1997call,
  title={The call-by-need lambda calculus},
  author={Ariola, Zena M and Felleisen, Matthias},
  journal={Journal of functional programming},
  volume={7},
  number={03},
  pages={265--301},
  year={1997},
  publisher={Cambridge Univ Press}
}

@article{maraist1998call,
  title={The call-by-need lambda calculus},
  author={Maraist, John and Odersky, Martin and Wadler, Philip},
  journal={Journal of functional programming},
  volume={8},
  number={03},
  pages={275--317},
  year={1998},
  publisher={Cambridge Univ Press}
}

@conference{PeytonJones199371,
  author={Peyton Jones, Simon L. and Wadler, Philip},
  title={Imperative functional programming},
  journal={Conference Record of the Annual ACM Symposium on Principles of Programming Languages},
  year={1993},
  pages={71-84},
  note={cited By 83},
  url={http://www.scopus.com/inward/record.url?eid=2-s2.0-0027271331&partnerID=40&md5=8c0c081049630b294b81b56b7d3f479d},
  document_type={Conference Paper},
  source={Scopus},
}

@article{charlton1991lazy,
  title={Lazy simulation of digital logic},
  author={Charlton, Colin C and Jackson, D and Leng, Paul H},
  journal={Computer-Aided Design},
  volume={23},
  number={7},
  pages={506--513},
  year={1991},
  publisher={Elsevier}
}

@inproceedings{fischer2009purely,
  title={Purely functional lazy non-deterministic programming},
  author={Fischer, Sebastian and Kiselyov, Oleg and Shan, Chung-chieh},
  booktitle={ACM Sigplan Notices},
  volume={44},
  number={9},
  pages={11--22},
  year={2009},
  organization={ACM}
}

@article{douence1998systematic,
  title={A systematic study of functional language implementations},
  author={Douence, R{\'e}mi and Fradet, Pascal},
  journal={ACM Transactions on Programming Languages and Systems (TOPLAS)},
  volume={20},
  number={2},
  pages={344--387},
  year={1998},
  publisher={ACM}
}

@inproceedings{jones1996concurrent,
  title={Concurrent haskell},
  author={Jones, Simon Peyton and Gordon, Andrew and Finne, Sigbjorn},
  booktitle={POPL},
  volume={96},
  pages={295--308},
  year={1996}
}

@article{trinder1998algorithm+,
  title={Algorithm + strategy= parallelism},
  author={Trinder, Philip W. and Hammond, Kevin and Loidl, H-W and Jones, SL Peyton},
  journal={Journal of functional programming},
  volume={8},
  number={01},
  pages={23--60},
  year={1998},
  publisher={Cambridge Univ Press}
}

@inproceedings{daniels2012experience,
  title={Experience report: Haskell in computational biology},
  author={Daniels, Noah M and Gallant, Andrew and Ramsey, Norman},
  booktitle={ACM SIGPLAN Notices},
  volume={47},
  number={9},
  pages={227--234},
  year={2012},
  organization={ACM}
}

@inproceedings{alpuente1997specialization,
  title={Specialization of lazy functional logic programs},
  author={Alpuente, Maria and Falaschi, Moreno and Julian, Pascual and Vidal, German},
  booktitle={ACM SIGPLAN Notices},
  volume={32},
  number={12},
  pages={151--162},
  year={1997},
  organization={ACM}
}

@article{lopez2004proof,
  title={A proof theoretic approach to failure in functional logic programming},
  author={L{\'o}pez-Fraguas, Francisco J and S{\'a}nchez-Hern{\'a}ndez, Jaime},
  journal={Theory and Practice of Logic Programming},
  volume={4},
  number={1+ 2},
  pages={41--74},
  year={2004},
  publisher={Cambridge Univ Press}
}

@article{laufer2009promises,
  title={The Promises of Typed, Pure, and Lazy Functional Programming: Part II},
  author={L{\"a}ufer, Konstantin and Thiruvathukal, George K},
  journal={Computing in Science \& Engineering},
  volume={11},
  number={5},
  pages={68--75},
  year={2009},
  publisher={AIP Publishing}
}

@article{plieskatt2014bioclojure,
  title={Bioclojure: a functional library for the manipulation of biological sequences},
  author={Plieskatt, Jordan and Rinaldi, Gabriel and Brindley, Paul J and Jia, Xinying and Potriquet, Jeremy and Bethony, Jeffrey and Mulvenna, Jason},
  journal={Bioinformatics},
  pages={btu311},
  year={2014},
  publisher={Oxford Univ Press}
}

@inproceedings{wevers2014persistent,
  title={Persistent functional languages: toward functional relational databases},
  author={Wevers, Lesley},
  booktitle={Proceedings of the 2014 SIGMOD PhD symposium},
  pages={21--25},
  year={2014},
  organization={ACM}
}

@book{marlow2013parallel,
  title={Parallel and Concurrent Programming in Haskell: Techniques for Multicore and Multithreaded Programming},
  author={Marlow, Simon},
  year={2013},
  publisher={" O'Reilly Media, Inc."}
}

@article{danielsson2006fast,
  title={Fast and loose reasoning is morally correct},
  author={Danielsson, Nils Anders and Hughes, John and Jansson, Patrik and Gibbons, Jeremy},
  journal={ACM SIGPLAN Notices},
  volume={41},
  number={1},
  pages={206--217},
  year={2006},
  publisher={ACM}
}

@book{o2008real,
  title={Real world haskell: Code you can believe in},
  author={O'Sullivan, Bryan and Goerzen, John and Stewart, Donald Bruce},
  year={2008},
  publisher={" O'Reilly Media, Inc."}
}

@article{blazevic2011coroutine,
  title={Coroutine pipelines},
  author={Blazevic, Mario},
  journal={The Monad Reader},
  volume={19},
  pages={29--50},
  year={2011}
}

@article{sabry1998purely,
  title={What is a purely functional language?},
  author={Sabry, Amr},
  journal={Journal of Functional Programming},
  volume={8},
  number={01},
  pages={1--22},
  year={1998},
  publisher={Cambridge Univ Press}
}

@phdthesis{maessen2002hybrid,
  title={Hybrid eager and lazy evaluation for efficient compilation of haskell},
  author={Maessen, Jan-Willem},
  year={2002},
  school={Massachusetts Institute of Technology}
}

@article{czaplicki2012elm,
  title={Elm: Concurrent FRP for Functional GUIs},
  author={Czaplicki, Evan},
  journal={Senior thesis, Harvard University},
  year={2012}
}

@article{hudak1989conception,
  title={Conception, evolution, and application of functional programming languages},
  author={Hudak, Paul},
  journal={ACM Computing Surveys (CSUR)},
  volume={21},
  number={3},
  pages={359--411},
  year={1989},
  publisher={ACM}
}
