
@article{hudak1989conception,
  title={Conception, evolution, and application of functional programming languages},
  author={Hudak, Paul},
  journal={ACM Computing Surveys (CSUR)},
  volume={21},
  number={3},
  pages={359--411},
  year={1989},
  publisher={ACM}
}
