@inproceedings{hudak2007history,
  title={A history of Haskell: being lazy with class},
  author={Hudak, Paul and Hughes, John and Peyton Jones, Simon and Wadler, Philip},
  booktitle={Proceedings of the third ACM SIGPLAN conference on History of programming languages},
  pages={12--1},
  year={2007},
  organization={ACM}
}

@book{lipovaca2011learn,
  title={Learn you a haskell for great good!: a beginner's guide},
  author={Lipovaca, Miran},
  year={2011},
  publisher={no starch press}
}

@article{yorgey2009typeclassopedia,
  title={The typeclassopedia},
  author={Yorgey, Brent},
  journal={The Monad. Reader Issue 13},
  pages={17},
  year={2009}
}

@incollection{chang2012call,
  title={The call-by-need lambda calculus, revisited},
  author={Chang, Stephen and Felleisen, Matthias},
  booktitle={Programming Languages and Systems},
  pages={128--147},
  year={2012},
  publisher={Springer}
}

@article{ariola1997call,
  title={The call-by-need lambda calculus},
  author={Ariola, Zena M and Felleisen, Matthias},
  journal={Journal of functional programming},
  volume={7},
  number={03},
  pages={265--301},
  year={1997},
  publisher={Cambridge Univ Press}
}

@article{maraist1998call,
  title={The call-by-need lambda calculus},
  author={Maraist, John and Odersky, Martin and Wadler, Philip},
  journal={Journal of functional programming},
  volume={8},
  number={03},
  pages={275--317},
  year={1998},
  publisher={Cambridge Univ Press}
}

@conference{PeytonJones199371,
  author={Peyton Jones, Simon L. and Wadler, Philip},
  title={Imperative functional programming},
  journal={Conference Record of the Annual ACM Symposium on Principles of Programming Languages},
  year={1993},
  pages={71-84},
  document_type={Conference Paper},
  source={Scopus},
}

@article{charlton1991lazy,
  title={Lazy simulation of digital logic},
  author={Charlton, Colin C and Jackson, D and Leng, Paul H},
  journal={Computer-Aided Design},
  volume={23},
  number={7},
  pages={506--513},
  year={1991},
  publisher={Elsevier}
}

@inproceedings{fischer2009purely,
  title={Purely functional lazy non-deterministic programming},
  author={Fischer, Sebastian and Kiselyov, Oleg and Shan, Chung-chieh},
  booktitle={ACM Sigplan Notices},
  volume={44},
  number={9},
  pages={11--22},
  year={2009},
  organization={ACM}
}

@article{douence1998systematic,
  title={A systematic study of functional language implementations},
  author={Douence, R{\'e}mi and Fradet, Pascal},
  journal={ACM Transactions on Programming Languages and Systems (TOPLAS)},
  volume={20},
  number={2},
  pages={344--387},
  year={1998},
  publisher={ACM}
}

@inproceedings{jones1996concurrent,
  title={Concurrent haskell},
  author={Jones, Simon Peyton and Gordon, Andrew and Finne, Sigbjorn},
  booktitle={POPL},
  volume={96},
  pages={295--308},
  year={1996}
}

@article{trinder1998algorithm+,
  title={Algorithm + strategy= parallelism},
  author={Trinder, Philip W. and Hammond, Kevin and Loidl, H-W and Jones, SL Peyton},
  journal={Journal of functional programming},
  volume={8},
  number={01},
  pages={23--60},
  year={1998},
  publisher={Cambridge Univ Press}
}

@inproceedings{daniels2012experience,
  title={Experience report: Haskell in computational biology},
  author={Daniels, Noah M and Gallant, Andrew and Ramsey, Norman},
  booktitle={ACM SIGPLAN Notices},
  volume={47},
  number={9},
  pages={227--234},
  year={2012},
  organization={ACM}
}

@inproceedings{alpuente1997specialization,
  title={Specialization of lazy functional logic programs},
  author={Alpuente, Maria and Falaschi, Moreno and Julian, Pascual and Vidal, German},
  booktitle={ACM SIGPLAN Notices},
  volume={32},
  number={12},
  pages={151--162},
  year={1997},
  organization={ACM}
}

@article{lopez2004proof,
  title={A proof theoretic approach to failure in functional logic programming},
  author={L{\'o}pez-Fraguas, Francisco J and S{\'a}nchez-Hern{\'a}ndez, Jaime},
  journal={Theory and Practice of Logic Programming},
  volume={4},
  number={1+ 2},
  pages={41--74},
  year={2004},
  publisher={Cambridge Univ Press}
}

@article{laufer2009promises,
  title={The Promises of Typed, Pure, and Lazy Functional Programming: Part II},
  author={L{\"a}ufer, Konstantin and Thiruvathukal, George K},
  journal={Computing in Science \& Engineering},
  volume={11},
  number={5},
  pages={68--75},
  year={2009},
  publisher={AIP Publishing}
}

@article{plieskatt2014bioclojure,
  title={Bioclojure: a functional library for the manipulation of biological sequences},
  author={Plieskatt, Jordan and Rinaldi, Gabriel and Brindley, Paul J and Jia, Xinying and Potriquet, Jeremy and Bethony, Jeffrey and Mulvenna, Jason},
  journal={Bioinformatics},
  pages={btu311},
  year={2014},
  publisher={Oxford Univ Press}
}

@inproceedings{wevers2014persistent,
  title={Persistent functional languages: toward functional relational databases},
  author={Wevers, Lesley},
  booktitle={Proceedings of the 2014 SIGMOD PhD symposium},
  pages={21--25},
  year={2014},
  organization={ACM}
}

@book{marlow2013parallel,
  title={Parallel and Concurrent Programming in Haskell: Techniques for Multicore and Multithreaded Programming},
  author={Marlow, Simon},
  year={2013},
  publisher={" O'Reilly Media, Inc."}
}

@article{danielsson2006fast,
  title={Fast and loose reasoning is morally correct},
  author={Danielsson, Nils Anders and Hughes, John and Jansson, Patrik and Gibbons, Jeremy},
  journal={ACM SIGPLAN Notices},
  volume={41},
  number={1},
  pages={206--217},
  year={2006},
  publisher={ACM}
}

@book{o2008real,
  title={Real world haskell: Code you can believe in},
  author={O'Sullivan, Bryan and Goerzen, John and Stewart, Donald Bruce},
  year={2008},
  publisher={" O'Reilly Media, Inc."}
}

@article{blazevic2011coroutine,
  title={Coroutine pipelines},
  author={Blazevic, Mario},
  journal={The Monad Reader},
  volume={19},
  pages={29--50},
  year={2011}
}

@article{sabry1998purely,
  title={What is a purely functional language?},
  author={Sabry, Amr},
  journal={Journal of Functional Programming},
  volume={8},
  number={01},
  pages={1--22},
  year={1998},
  publisher={Cambridge Univ Press}
}

@phdthesis{maessen2002hybrid,
  title={Hybrid eager and lazy evaluation for efficient compilation of haskell},
  author={Maessen, Jan-Willem},
  year={2002},
  school={Massachusetts Institute of Technology}
}

@article{czaplicki2012elm,
  title={Elm: Concurrent FRP for Functional GUIs},
  author={Czaplicki, Evan},
  journal={Senior thesis, Harvard University},
  year={2012}
}

@article{hudak1989conception,
  title={Conception, evolution, and application of functional programming languages},
  author={Hudak, Paul},
  journal={ACM Computing Surveys (CSUR)},
  volume={21},
  number={3},
  pages={359--411},
  year={1989},
  publisher={ACM}
}



@article{sampson2009experience,
  title={Experience report: Haskell in the'real world': writing a commercial application in a lazy functional lanuage},
  author={Sampson, Curt J},
  journal={ACM Sigplan Notices},
  volume={44},
  number={9},
  pages={185--190},
  year={2009},
  publisher={ACM}
}

@inproceedings{ennals2003optimistic,
  title={Optimistic evaluation: an adaptive evaluation strategy for non-strict programs},
  author={Ennals, Robert and Jones, Simon Peyton},
  booktitle={ACM Sigplan Notices},
  volume={38},
  number={9},
  pages={287--298},
  year={2003},
  organization={ACM}
}

@book{watt2004programming,
  title={Programming language design concepts},
  author={Watt, David A},
  year={2004},
  publisher={John Wiley \& Sons}
}

@article{jones2010tackling,
  title={Tackling the Awkward Squad: monadic input/output, concurrency, exceptions, and foreign-language calls in Haskell},
  author={Jones, Simon Peyton},
  year={2010}
}

@article{baumeister1997writing,
  title={Writing narrative literature reviews.},
  author={Baumeister, Roy F and Leary, Mark R},
  journal={Review of general psychology},
  volume={1},
  number={3},
  pages={311},
  year={1997},
  publisher={Educational Publishing Foundation}
}

@phdthesis{wadsworth1971semantics,
  title={Semantics and Pragmatics of the Lambda-Calculus.},
  author={Wadsworth, Christopher Peter},
  year={1971},
  school={University of Oxford}
}

@inproceedings{henderson1976lazy,
  title={A lazy evaluator},
  author={Henderson, Peter and Morris Jr, James H},
  booktitle={Proceedings of the 3rd ACM SIGACT-SIGPLAN symposium on Principles on programming languages},
  pages={95--103},
  year={1976},
  organization={ACM}
}

@article{friedman1976cuns,
  title={Cons should not evaluate its arguments},
  author={Friedman, DP},
  year={1976}
}

@article{barendregt1997impact,
  title={The impact of the lambda calculus in logic and computer science},
  author={Barendregt, Henk},
  journal={Bulletin of Symbolic Logic},
  volume={3},
  number={02},
  pages={181--215},
  year={1997},
  publisher={Cambridge Univ Press}
}

@article{saslmanualturner,
  title={The SASL language manual},
  author={Turner, D. A.},
  year={1976},
  publisher={University of St Andrews}
}

@article{scott2009programming,
  title={Programming Language Pragmatics},
  author={Scott, Michael L},
  year={2009},
  publisher={Elsevier}
}

@misc{haskellwikinonstrict,
 author = {HaskellWiki},
 year = {2013},
 title = {Non-strict semantics},
 url = {https://wiki.haskell.org/Non-strict_semantics},
 note = {Viitattu 11.2.2016},
}

@misc{whyprogramwithconttime,
 author = {Elliott, Conal},
 year = {2010},
 title = {Why program with continuous time?},
 url = {http://conal.net/blog/posts/why-program-with-continuous-time},
 note = {Viitattu 18.2.2016},
}



@book{yale1991report,
  title={Report on the Programming Language Haskell: A Non-strict, Purely Functional Language. Version 1.1},
  author={Hudak, P and Jones, Simon Peyton and Wadler, P and Boutel, B and Fairbairn, J and Fasel, J and Guzman, MM and Hammond, K and Hughes, J and others},
  publisher={Yale University, Department of Computer Science},
  year={1991}
}

@article{hughes1989functional,
  title={Why functional programming matters},
  author={Hughes, John},
  journal={The computer journal},
  volume={32},
  number={2},
  pages={98--107},
  year={1989},
  publisher={Br Computer Soc}
}

@article{van2000domain,
  title={Domain-Specific Languages: An Annotated Bibliography.},
  author={Van Deursen, Arie and Klint, Paul and Visser, Joost},
  journal={Sigplan Notices},
  volume={35},
  number={6},
  pages={26--36},
  year={2000}
}

@book{chiusano2014functional,
  title={Functional programming in Scala},
  author={Chiusano, Paul and Bjarnason, Rnar},
  year={2014},
  publisher={Manning Publications Co.}
}

@inproceedings{elliott1997functional,
  title={Functional reactive animation},
  author={Elliott, Conal and Hudak, Paul},
  booktitle={ACM SIGPLAN Notices},
  volume={32},
  number={8},
  pages={263--273},
  year={1997},
  organization={ACM}
}

@inproceedings{pop2010experience,
  title={Experience Report: Haskell as a reagent},
  author={Pop, Iustin},
  booktitle={ACM SIGPLAN International Conference on Funtional Programming},
  year={2010},
  organization={Citeseer}
}

@misc{vesakarvonen,
  title={Kommentit Reaktor-yrityksen Slack-keskustelutyökalussa},
  author={Karvonen, Vesa},
  year={2016},
  url={https://gist.github.com/attrck/486ef667b5dd7e6e61f2},
  note = {Keskustelu tallennettu GitHub Gistiin.},
}

@misc{pointoflaziness,
  title={The Real Point of Laziness},
  author={Robert Harper},
  year={2011},
  url={https://existentialtype.wordpress.com/2011/04/24/the-real-point-of-laziness/},
  note={Viitattu 20.2.2016}
  }
